@misc{openAccess,
  title = {Open Access},
  howpublished = {\url{http://www.si2.org/openaccess/}},
  author={Silicon Integration Initiative},
  year={2017}
}

@misc{universityOfMichigan,
  title = {UMICH Physical Design Tools},
  howpublished = {\url{https://www.src.org/library/publication/p013527/}},
  author={University of Michigan},
  year={2017}
}

@article{sharp1980data,
  title={Data oriented program design},
  author={Sharp, John A},
  journal={ACM SIGPLAN Notices},
  volume={15},
  number={9},
  pages={44--57},
  year={1980},
  publisher={ACM}
}


@inproceedings{kahng2014horizontal,
  title={Horizontal benchmark extension for improved assessment of physical CAD research},
  author={Kahng, Andrew B and Lee, Hyein and Li, Jiajia},
  booktitle={Proceedings of the 24th edition of the great lakes symposium on {VLSI}},
  pages={27--32},
  year={2014},
  organization={ACM}
}

@inproceedings{jung2016opendesign,
  title={OpenDesign flow database: the infrastructure for {VLSI} design and design automation research},
  author={Jung, Jinwook and Jiang, Iris Hui-Ru and Nam, Gi-Joon and Kravets, Victor N and Behjat, Laleh and Li, Yin-Lang},
  booktitle={Proceedings of the 35th International Conference on Computer-Aided Design},
  pages={42},
  year={2016},
  organization={ACM}
}

@inproceedings{huang2015opentimer,
  title={Opentimer: A high-performance timing analysis tool},
  author={Huang, Tsung-Wei and Wong, Martin DF},
  booktitle={Proceedings of the IEEE/ACM International Conference on Computer-Aided Design},
  pages={895--902},
  year={2015},
  organization={IEEE Press}
}

@misc{ophidian,
  title = {Embedded {C}omputing {L}ab, {F}ederal {U}niversity of {S}anta {C}atarina, ``{O}phidian: an Open guthaus2013revisitingSource Library for Physical Design Research and Teaching''},
  howpublished = {\url{https://github.com/eclufsc/ophidian}},
  author={ECL - UFSC},
  year={2017}
}

@misc{dataOrientedDesign,
    title={Data-Oriented Design},
    author={Richard Fabian},
    year={2013},
    howpublished = {\url{http://www.dataorienteddesign.com/dodmain/dodmain.html}},
}

@book{patterson2013computer,
  title={Computer organization and design: the hardware/software interface},
  author={Patterson, David A and Hennessy, John L},
  year={2013},
  publisher={Newnes}
}

@book{booch2006object,
  title={Object oriented analysis \& design with application},
  author={Booch, Grady},
  year={2006},
  publisher={Pearson Education India}
}

@book{nystrom2014game,
  title={Game programming patterns},
  author={Nystrom, Robert},
  year={2014},
  publisher={Genever Benning}
}

@inproceedings{kim2015,
  title={{ICCAD}-2015 {CAD} contest in incremental timing-driven placement and benchmark suite},
  author={Kim, M. and Hu, J. and Li, J. and Viswanathan, N.},
  booktitle={{ICCAD}},
  pages={921--926},
  year={2015}
}

@book{gamma1995design,
  title={Design patterns: elements of reusable object-oriented software},
  author={Gamma, Erich},
  year={1995},
  publisher={Pearson Education India}
}

@inproceedings{fontana2017game,
  title={How Game Engines Can Inspire EDA Tools Development: A use case for an open-source physical design library},
  author={Fontana, Tiago and Netto, Renan and Livramento, Vinicius and Guth, Chrystian and Almeida, Sheiny and Pilla, La{\'e}rcio and G{\"u}ntzel, Jos{\'e} Lu{\'\i}s},
  booktitle={Proceedings of the 2017 ACM on International Symposium on Physical Design},
  pages={25--31},
  year={2017},
  organization={ACM}
}

@inproceedings{wu2016flip,
  title={Flip-flop clustering by weighted K-means algorithm},
  author={Wu, Gang and Xu, Yue and Wu, Dean and Ragupathy, Manoj and Mo, Yu-yen and Chu, Chris},
  booktitle={Design Automation Conference (DAC), 2016 53nd ACM/EDAC/IEEE},
  pages={1--6},
  year={2016},
  organization={IEEE}
}

@inproceedings{guth2015timing,
  title={Timing-driven placement based on dynamic net-weighting for efficient slack histogram compression},
  author={Guth, Chrystian and Livramento, Vinicius and Netto, Renan and Fonseca, Renan and G{\"u}ntzel, Jos{\'e} Lu{\'\i}s and Santos, Luiz},
  booktitle={Proceedings of the 2015 Symposium on International Symposium on Physical Design},
  pages={141--148},
  year={2015},
  organization={ACM}
}

@inproceedings{wang2017effective,
  title={An effective legalization algorithm for mixed-cell-height standard cells},
  author={Wang, Chao-Hung and Wu, Yen-Yi and Chen, Jianli and Chang, Yao-Wen and Kuo, Sy-Yen and Zhu, Wenxing and Fan, Genghua},
  booktitle={Design Automation Conference (ASP-DAC), 2017 22nd Asia and South Pacific},
  pages={450--455},
  year={2017},
  organization={IEEE}
}

@inproceedings{chow2016legalization,
  title={Legalization algorithm for multiple-row height standard cell design},
  author={Chow, Wing-Kai and Pui, Chak-Wa and Young, Evangeline FY},
  booktitle={Design Automation Conference (DAC), 2016 53nd ACM/EDAC/IEEE},
  pages={1--6},
  year={2016},
  organization={IEEE}
}

@inproceedings{ward2013clock,
  title={Clock power minimization using structured latch templates and decision tree induction},
  author={Ward, Samuel I and Viswanathan, Natarajan and Zhou, Nancy Y and Sze, Cliff CN and Li, Zhuo and Alpert, Charles J and Pan, David Z},
  booktitle={Computer-Aided Design (ICCAD), 2013 IEEE/ACM International Conference on},
  pages={599--606},
  year={2013},
  organization={IEEE}
}

@inproceedings{chow2014cell,
  title={Cell density-driven detailed placement with displacement constraint},
  author={Chow, Wing-Kai and Kuang, Jian and He, Xu and Cai, Wenzan and Young, Evangeline FY},
  booktitle={Proceedings of the 2014 on International symposium on physical design},
  pages={3--10},
  year={2014},
  organization={ACM}
}

@inproceedings{gajinov2014case,
  title={A case study of hybrid dataflow and shared-memory programming models: Dependency-based parallel game engine},
  author={Gajinov, Vladimir and Eric, Igor and Stojanovic, Saa and Milutinovic, Veljko and Unsal, Osman and Ayguad{\'e}, Eduard and Cristal, Adri{\'a}n},
  booktitle={Computer Architecture and High Performance Computing (SBAC-PAD), 2014 IEEE 26th International Symposium on},
  pages={1--8},
  year={2014},
  organization={IEEE}
}

@book{kahng2011vlsi,
  title={VLSI physical design: from graph partitioning to timing closure},
  author={Kahng, Andrew B and Lienig, Jens and Markov, Igor L and Hu, Jin},
  year={2011},
  publisher={Springer Science \& Business Media}
}

@article{papa2011physical,
  title={Physical synthesis with clock-network optimization for large systems on chips},
  author={Papa, David and Alpert, Charles and Sze, Cliff and Li, Zhuo and Viswanathan, Natarajan and Nam, Gi-Joon and Markov, Igor},
  journal={IEEE Micro},
  volume={31},
  number={4},
  pages={51--62},
  year={2011},
  publisher={IEEE}
}

@inproceedings{lee2010low,
  title={Low-power clock trees for CPUs},
  author={Lee, D. and Kim, M. and Markov, I.},
  booktitle={ICCAD},
  pages={444--451},
  year={2010}
}

@article{guthaus2013revisiting,
  title={Revisiting automated physical synthesis of high-performance clock networks},
  author={Guthaus, M. and Wilke, G. and Reis, .},
  journal={TODAES},
  volume={18},
  number={2},
  pages={31:1--31:27},
  year={2013},
  publisher={ACM}
}

@article{Guthaus_Wilke,
 author = {Guthaus, Matthew R. and Wilke, Gustavo and Reis, Ricardo},
 title = {Revisiting Automated Physical Synthesis of High-performance Clock Networks},
 journal = {ACM Trans. Des. Autom. Electron. Syst.},
 issue_date = {March 2013},
 volume = {18},
 number = {2},
 month = apr,
 year = {2013},
 issn = {1084-4309},
 pages = {31:1--31:27},
 articleno = {31},
 numpages = {27},
 url = {http://doi.acm.org/10.1145/2442087.2442102},
 doi = {10.1145/2442087.2442102},
 acmid = {2442102},
 publisher = {ACM},
 address = {New York, NY, USA},
 keywords = {Clock optimization, physical synthesis, robust design},
}

@article{selim1984k,
  title={K-means-type algorithms: a generalized convergence theorem and characterization of local optimality},
  author={Selim, Shokri Z and Ismail, Mohamed A},
  journal={Pattern Analysis and Machine Intelligence, IEEE Transactions on},
  number={1},
  pages={81--87},
  year={1984},
  publisher={IEEE}
}

@inproceedings{yeh2006clock,
  title={Clock distribution architectures: A comparative study},
  author={Yeh, C and Wilke, G and Chen, Hongyu and others},
  booktitle={ISQED},
  pages={85--91},
  year={2006},
}

@misc{openmp,
  author = {OpenMP},
  title = {The OpenMP API},
  year = {2017},
  howpublished={\url{http://openmp.org/}}
}

@misc{ophidianSBCCI2017,
  title = {Omitted for blind review.},
  author={Anonymous Author(s)},
  year={2017}
}

@inproceedings{flach2017rsyn,
  title={Rsyn: An Extensible Physical Synthesis Framework},
  author={Flach, Guilherme and Foga{\c{c}}a, Mateus and Monteiro, Jucemar and Johann, Marcelo and Reis, Ricardo},
  booktitle={Proceedings of the 2017 ACM on International Symposium on Physical Design},
  pages={33--40},
  year={2017},
  organization={ACM}
}