
@article{elmore1948,
  title={The transient response of damped linear networks with particular regard to wideband amplifiers},
  author={Elmore, WC},
  journal={Journal of applied physics},
  volume={19},
  number={1},
  pages={55--63},
  year={1948},
  publisher={AIP Publishing}
}

@inproceedings{srinivasan1991,
  title={RITUAL: A performance driven placement algorithm for small cell ICs},
  author={Srinivasan, Arvind and others},
  booktitle={Proc. ICCAD},
  pages={48--51},
  year={1991}
}

@inproceedings{hamada1993,
  title={Prime: a timing-driven placement tool using a piecewise linear resistive network approach},
  author={Hamada, Takeo and others},
  booktitle={Proc. DAC},
  pages={531--536},
  year={1993}
}

@inproceedings{swartz1995,
  title={Timing driven placement for large standard cell circuits},
  author={Swartz, William and Sechen, Carl},
  booktitle={Proc. DAC},
  pages={211--215},
  year={1995}
}


@inproceedings{riess1995,
  title={Speed: Fast and efficient timing driven placement},
  author={Riess, Bernhard M and others},
  booktitle={Proc. ISCAS},
  pages={377--380},
  year={1995}
}

@inproceedings{eisenmann1998,
  title={Generic global placement and floorplanning},
  author={Eisenmann, Hans and others},
  booktitle={Proc. DAC},
  pages={269--274},
  year={1998}
}


@inproceedings{alpert2000,
  title={A two moment RC delay metric for performance optimization},
  author={Alpert, Charles J and others},
  booktitle={Proc. ISPD},
  pages={69--74},
  year={2000}
}

@article{ho2001,
  title={The future of wires},
  author={Ho, Ron and others},
  journal={Proceedings of the IEEE},
  volume={89},
  number={4},
  pages={490--504},
  year={2001},
  publisher={IEEE}
}

@article{saxena2004,
  title={Repeater scaling and its impact on CAD},
  author={Saxena, Prashant and others},
  journal={TCAD},
  volume={23},
  number={4},
  pages={451--463},
  year={2004},
  publisher={IEEE}
}

@inproceedings{ajami2001,
  title={Post-layout timing-driven cell placement using an accurate net length model with movable Steiner points},
  author={Ajami, Amir H and others},
  booktitle={Proc. ASP-DAC},
  pages={595--600},
  year={2001}
}

@inproceedings{kashyap2002,
  title={PERI: a technique for extending delay and slew metrics to ramp inputs},
  author={Kashyap, Chandramouli V and others},
  booktitle={Proceedings of the 8th ACM/IEEE international workshop on Timing issues in the specification and synthesis of digital systems},
  pages={57--62},
  year={2002}
}


@inproceedings{rajagopal2003,
  title={Timing driven force directed placement with physical net constraints},
  author={Rajagopal, Karthik and others},
  booktitle={Proc. ISPD},
  pages={60--66},
  year={2003}
}

@inproceedings{halpin2001,
  title={Timing driven placement using physical net constraints},
  author={Halpin, Bill and others},
  booktitle={Proc. DAC},
  pages={780--783},
  year={2001}
}

@inproceedings{kong2002,
  title={A novel net weighting algorithm for timing-driven placement},
  author={Kong, Tim Tianming},
  booktitle={Proc. ICCAD},
  pages={172--176},
  year={2002}
}

@inproceedings{choi2003,
  title={Incremental placement for timing optimization},
  author={Choi, Wonjoon and others},
  booktitle={Proc. ICCAD},
  pages={463},
  year={2003}
}

@inproceedings{obermeier2004,
  title={Quadratic placement using an improved timing model},
  author={Obermeier, Bernd and others},
  booktitle={Proc. Dac},
  pages={705--710},
  year={2004},
  organization={ACM}
}

@inproceedings{kahng2004,
  title={An analytic placer for mixed-size placement and timing-driven placement},
  author={Kahng, Andrew B and others},
  booktitle={Proc. ICCAD},
  pages={565--572},
  year={2004}
}

@inproceedings{wang2005,
  title={An LP-based methodology for improved timing-driven placement},
  author={Wang, Qingzhou and others},
  booktitle={Proc. ASP-DAC},
  pages={1139--1143},
  year={2005}
}

@inproceedings{chowdhary2005,
  title={How accurately can we model timing in a placement engine?},
  author={Chowdhary, Amit and others},
  booktitle={Proc. DAC},
  pages={801--806},
  year={2005}
}

@inproceedings{wang2005,
  title={An LP-based methodology for improved timing-driven placement},
  author={Wang, Qingzhou Ben and others},
  booktitle={Proc. ASP-DAC},
  volume={2},
  pages={1139--1143},
  year={2005}
}

@article{ren2005,
  title={Sensitivity guided net weighting for placement-driven synthesis},
  author={Ren, Haoxing and others},
  journal={TCAD},
  volume={24},
  number={5},
  pages={711--721},
  year={2005}
}


@inproceedings{luo2006,
  title={A new LP based incremental timing driven placement for high performance designs},
  author={Luo, Tao and others},
  booktitle={Proc. DAC},
  pages={1115--1120},
  year={2006}
}

@article{alpert2007techniques,
  title={Techniques for fast physical synthesis},
  author={Alpert, Charles and others},
  journal={Proceedings of the IEEE},
  volume={95},
  number={3},
  pages={573--599},
  year={2007},
  publisher={IEEE}
}


@inproceedings{alpert2007,
  title={The coming of age of physical synthesis},
  author={Alpert, Charles and others},
  booktitle={Proc. ICCAD},
  pages={246--249},
  year={2007}
}

@inproceedings{karandikar2007,
  title={Fast electrical correction using resizing and buffering},
  author={Karandikar, Shrirang K and Alpert, Charles J and Yildiz, Mehmet Can and Villarrubia, Paul and Quay, Steve and Mahmud, Tuhin},
  booktitle={Proc. ASP-DAC},
  pages={553--558},
  year={2007}
}



@inproceedings{ren2007,
  title={Hippocrates: first-do-no-harm detailed placement},
  author={Ren, Haoxing and others},
  booktitle={Proc. ASP-DAC},
  pages={141--146},
  year={2007}
}


@inproceedings{luo2008,
  title={Pyramids: an efficient computational geometry-based approach for timing-driven placement},
  author={Luo, Tao and others},
  booktitle={Proc. ICCAD},
  pages={204--211},
  year={2008},
}


@article{chu2008,
  title={FLUTE: Fast lookup table based rectilinear steiner minimal tree algorithm for VLSI design},
  author={Chu, Chris and others},
  journal={TCAD},
  volume={27},
  number={1},
  pages={70--83},
  year={2008}
}


@article{papa2008,
  title={RUMBLE: an incremental timing-driven physical-synthesis optimization algorithm},
  author={Papa, David A and others},
  journal={Trans. TCAD},
  volume={27},
  number={12},
  pages={2156--2168},
  year={2008}
}

@inproceedings{moffitt2008,
  title={Path smoothing via discrete optimization},
  author={Moffitt, Michael D and others},
  booktitle={Proc. DAC},
  pages={724--727},
  year={2008}
}

@article{chu2008,
  title={FLUTE: Fast lookup table based rectilinear steiner minimal tree algorithm for VLSI design},
  author={Chu, Chris and others},
  journal={TCAD},
  volume={27},
  number={1},
  pages={70--83},
  year={2008}
}

@article{tennakoon2008,
  title={Nonconvex gate delay modeling and delay optimization},
  author={Tennakoon, Hiran and others},
  journal={TCAD},
  volume={27},
  number={9},
  pages={1583--1594},
  year={2008}
}


@inproceedings{viswanathan2010,
  title={ITOP: integrating timing optimization within placement},
  author={Viswanathan, Natarajan and others},
  booktitle={Proc. ISPD},
  pages={83--90},
  year={2010}
}

@book{kahng2011,
  title={VLSI physical design: from graph partitioning to timing closure},
  author={Kahng, Andrew B and others},
  volume={312},
  year={2011}
}

@article{papa2011,
  title={Physical synthesis with clock-network optimization for large systems on chips},
  author={Papa, David and others},
  journal={Micro, IEEE},
  volume={31},
  number={4},
  pages={51--62},
  year={2011},
  publisher={IEEE}
}

@inproceedings{li2012,
  title={Guiding a physical design closure system to produce easier-to-route designs with more predictable timing},
  author={Li, Zhuo and others},
  booktitle={Proc. DAC},
  pages={465--470},
  year={2012}
}

@inproceedings{alpert2012,
  title={Placement: hot or not?},
  author={Alpert, Charles and others},
  booktitle={Proc. ICCAD},
  pages={283--290},
  year={2012}
}

@inproceedings{markov2012,
  title={Progress and challenges in VLSI placement research},
  author={Markov, Igor L and others},
  booktitle={Proc. ICCAD},
  pages={275--282},
  year={2012}
}

@inproceedings{kim2012,
  title={MAPLE: multilevel adaptive placement for mixed-size designs},
  author={Kim, Myung-Chul and others},
  booktitle={Proc. ISPD},
  pages={193--200},
  year={2012}
}

@article{ozdal2012,
  title={Algorithms for gate sizing and device parameter selection for high-performance designs},
  author={Ozdal, Muhammet Mustafa and others},
  journal={TCAD},
  volume={31},
  number={10},
  pages={1558--1571},
  year={2012}
}

@article{lee2012,
  title={Obstacle-aware clock-tree shaping during placement},
  author={Lee, Dong-Jin and others},
  journal={TCAD},
  volume={31},
  number={2},
  pages={205--216},
  year={2012},
  publisher={IEEE}
}


@inproceedings{sinha2013,
  title={TAU 2013 variation aware timing analysis contest},
  author={Sinha, Debjit and others},
  booktitle={Proc. ISPD},
  pages={171--178},
  year={2013}
}

@inproceedings{chow2014,
  title={Cell density-driven detailed placement with displacement constraint},
  author={Chow, Wing-Kai and others},
  booktitle={Proc. ISPD},
  pages={3--10},
  year={2014}
}

@inproceedings{kim2014,
  title={ICCAD-2014 CAD contest in incremental timing-driven placement and benchmark suite},
  author={Kim, Myung-Chul and Hu, Jin and Viswanathan, Natarajan},
  booktitle={Proc. ICCAD},
  pages={361--366},
  year={2014}
}

@misc{qt,
  author = {{The Qt Company}},
  title = {Cross-platform application \& and UI development framework},
  year = {2015},
  howpublished={\url{http://www.qt.io/}},
  urldate = {2015-01-02}
}

